@String(PAMI = {IEEE Trans. Pattern Anal. Mach. Intell.})
@String(IJCV = {Int. J. Comput. Vis.})
@String(CVPR= {IEEE Conf. Comput. Vis. Pattern Recog.})
@String(ICCV= {Int. Conf. Comput. Vis.})
@String(ECCV= {Eur. Conf. Comput. Vis.})
@String(NIPS= {Adv. Neural Inform. Process. Syst.})
@String(ICPR = {Int. Conf. Pattern Recog.})
@String(BMVC= {Brit. Mach. Vis. Conf.})
@String(TOG= {ACM Trans. Graph.})
@String(TIP  = {IEEE Trans. Image Process.})
@String(TVCG  = {IEEE Trans. Vis. Comput. Graph.})
@String(TMM  = {IEEE Trans. Multimedia})
@String(ACMMM= {ACM Int. Conf. Multimedia})
@String(ICME = {Int. Conf. Multimedia and Expo})
@String(ICASSP=	{ICASSP})
@String(ICIP = {IEEE Int. Conf. Image Process.})
@String(ACCV  = {ACCV})
@String(ICLR = {Int. Conf. Learn. Represent.})
@String(IJCAI = {IJCAI})
@String(PR   = {Pattern Recognition})
@String(AAAI = {AAAI})
@String(CVPRW= {IEEE Conf. Comput. Vis. Pattern Recog. Worksh.})
@String(CSVT = {IEEE Trans. Circuit Syst. Video Technol.})

@String(SPL	= {IEEE Sign. Process. Letters})
@String(VR   = {Vis. Res.})
@String(JOV	 = {J. Vis.})
@String(TVC  = {The Vis. Comput.})
@String(JCST  = {J. Comput. Sci. Tech.})
@String(CGF  = {Comput. Graph. Forum})
@String(CVM = {Computational Visual Media})


@String(PAMI  = {IEEE TPAMI})
@String(IJCV  = {IJCV})
@String(CVPR  = {CVPR})
@String(ICCV  = {ICCV})
@String(ECCV  = {ECCV})
@String(NIPS  = {NeurIPS})
@String(ICPR  = {ICPR})
@String(BMVC  =	{BMVC})
@String(TOG   = {ACM TOG})
@String(TIP   = {IEEE TIP})
@String(TVCG  = {IEEE TVCG})
@String(TCSVT = {IEEE TCSVT})
@String(TMM   =	{IEEE TMM})
@String(ACMMM = {ACM MM})
@String(ICME  =	{ICME})
@String(ICASSP=	{ICASSP})
@String(ICIP  = {ICIP})
@String(ACCV  = {ACCV})
@String(ICLR  = {ICLR})
@String(IJCAI = {IJCAI})
@String(PR = {PR})
@String(AAAI = {AAAI})
@String(CVPRW= {CVPRW})
@String(CSVT = {IEEE TCSVT})



@misc{Howell2018,
  author = {E. Howell},
  title = {How Many Galaxies Are There?},
  year = {2018},
  month = mar,
  url = {https://www.space.com/25303-how-many-galaxies-are-in-the-universe.html},
  note = {Accessed: Oct. 30, 2024},
  publisher = {Space.com}
}

@misc{Sauers2023,
  author = {E. Sauers},
  title = {Webb telescope reveals more galaxies in a snapshot than Hubble’s deepest survey},
  year = {2023},
  month = mar,
  url = {https://mashable.com/article/james-webb-space-telescope-deep-field-images},
  note = {Accessed: Oct. 30, 2024},
  publisher = {Mashable}
}

@misc{McGourty2007,
  author = {C. McGourty},
  title = {Scientists seek galaxy hunt help},
  year = {2007},
  month = jul,
  url = {http://news.bbc.co.uk/2/hi/science/nature/6289474.stm},
  note = {Accessed: Oct. 30, 2024},
  publisher = {BBC News}
}

@article{Lukic2016,
  author = {V. Lukic and M. Brüggen},
  title = {Galaxy Classifications with Deep Learning},
  journal = {Proceedings of the International Astronomical Union},
  volume = {12},
  number = {S325},
  pages = {217--220},
  year = {2016},
  month = oct,
  doi = {https://doi.org/10.1017/s1743921316012771}
}

@article{Sharma2019,
  author = {K. Sharma and A. Kembhavi and T. Sivarani and S. Abraham and K. Vaghmare},
  title = {Application of convolutional neural networks for stellar spectral classification},
  journal = {Monthly Notices of the Royal Astronomical Society},
  volume = {491},
  number = {2},
  pages = {2280--2300},
  year = {2019},
  month = nov,
  doi = {https://doi.org/10.1093/mnras/stz3100}
}

@article{Lahav1996,
  author = {O. Lahav and A. Nairn and L. Sodré and M. C. Storrie-Lombardi},
  title = {Neural computation as a tool for galaxy classification: methods and examples},
  journal = {Monthly Notices of the Royal Astronomical Society},
  volume = {283},
  number = {1},
  pages = {207--221},
  year = {1996},
  month = oct,
  doi = {https://doi.org/10.1093/mnras/283.1.207}
}

@article{Walmsley2019,
  author = {M. Walmsley et al.},
  title = {Galaxy Zoo: probabilistic morphology through Bayesian CNNs and active learning},
  journal = {Monthly Notices of the Royal Astronomical Society},
  volume = {491},
  number = {2},
  pages = {1554--1574},
  year = {2019},
  month = oct,
  doi = {https://doi.org/10.1093/mnras/stz2816}
}

@article{Lanusse2021,
  author = {F. Lanusse and R. Mandelbaum and S. Ravanbakhsh and C.-L. Li and P. Freeman and B. Póczos},
  title = {Deep generative models for galaxy image simulations},
  journal = {Monthly Notices of the Royal Astronomical Society},
  volume = {504},
  number = {4},
  pages = {5543--5555},
  year = {2021},
  month = may,
  doi = {https://doi.org/10.1093/mnras/stab1214}
}

@article{Fussell19,
author = {L. Fussell and B. Moews},
title = {Forging new worlds: high-resolution synthetic galaxies with chained generative adversarial networks},
journal = {Monthly Notices of the Royal Astronomical Society},
volume = {485},
number = {3},
pages = {3203--3214},
month = {Mar.},
year = {2019},
doi = {10.1093/mnras/stz602}
}

@article{Kim16,
author = {E. J. Kim and R. J. Brunner},
title = {Star--galaxy classification using deep convolutional neural networks},
journal = {Monthly Notices of the Royal Astronomical Society},
volume = {464},
number = {4},
pages = {4463--4475},
month = {Oct.},
year = {2016},
doi = {10.1093/mnras/stw2672}
}

