@String(MNRAS = {Monthly Notices of the Royal Astronomical Society})

@article{Lanusse21,
author = {F. Lanusse and R. Mandelbaum and S. Ravanbakhsh and C.-L. Li and P. Freeman and B. PÃ³czos},
title = {Deep generative models for galaxy image simulations},
journal = MNRAS,
volume = {504},
number = {4},
pages = {5543--5555},
month = {May},
year = {2021},
doi = {10.1093/mnras/stab1214}
}

@article{Fussell19,
author = {L. Fussell and B. Moews},
title = {Forging new worlds: high-resolution synthetic galaxies with chained generative adversarial networks},
journal = MNRAS,
volume = {485},
number = {3},
pages = {3203--3214},
month = {Mar.},
year = {2019},
doi = {10.1093/mnras/stz602}
}

@article{Gharat22,
author = {S. Gharat and Y. Dandawate},
title = {Galaxy classification: a deep learning approach for classifying Sloan Digital Sky Survey images},
journal = MNRAS,
volume = {511},
number = {4},
pages = {5120--5124},
month = {Feb.},
year = {2022},
doi = {10.1093/mnras/stac457}
}

@article{Kim16,
author = {E. J. Kim and R. J. Brunner},
title = {Star--galaxy classification using deep convolutional neural networks},
journal = MNRAS,
volume = {464},
number = {4},
pages = {4463--4475},
month = {Oct.},
year = {2016},
doi = {10.1093/mnras/stw2672}
}

@article{Cavanagh21,
author = {M. K. Cavanagh and K. Bekki and B. A. Groves},
title = {Morphological classification of galaxies with deep learning: comparing 3-way and 4-way CNNs},
journal = MNRAS,
volume = {506},
number = {1},
pages = {659--676},
month = {Jun.},
year = {2021},
doi = {10.1093/mnras/stab1552}
}

@article{Sharma19,
author = {K. Sharma and A. Kembhavi and A. Kembhavi and T. Sivarani and S. Abraham and K. Vaghmare},
title = {Application of convolutional neural networks for stellar spectral classification},
journal = MNRAS,
volume = {491},
number = {2},
pages = {2280--2300},
month = {Nov.},
year = {2019},
doi = {10.1093/mnras/stz3100}
}

@article{Dieleman15,
author = {S. Dieleman and K. W. Willett and J. Dambre},
title = {Rotation-invariant convolutional neural networks for galaxy morphology prediction},
journal = MNRAS,
volume = {450},
number = {2},
pages = {1441--1459},
month = {Apr.},
year = {2015},
doi = {10.1093/mnras/stv632}
}

@article{Lahav96,
author = {Ofer Lahav and A. Nairn and Laerte Sodr{\'e} and M. C. Storrie-Lombardi},
title = {Neural computation as a tool for galaxy classification: methods and examples},
journal = MNRAS,
volume = {283},
number = {1},
pages = {207--221},
month = {Oct.},
year = {1996},
doi = {10.1093/mnras/283.1.207}
}
